@inproceedings{dafny,
  title={{Dafny: An Automatic Program Verifier for Functional Correctness}},
  author={Leino, K Rustan M},
  booktitle={International Conference on Logic for Programming Artificial Intelligence and Reasoning},
  pages={348--370},
  year={2010},
  organization={Springer}
}

@inproceedings{z3,
  title={{Z3: An efficient SMT solver}},
  author={de Moura, Leonardo and Bj{\o}rner, Nikolaj},
  booktitle={International conference on Tools and Algorithms for the Construction and Analysis of Systems},
  pages={337--340},
  year={2008},
  organization={Springer}
}

@misc{spotbugs,                                                               
  key={SpotBugs},                                                                 
  title={SpotBugs Detectors},                                                               
  year={2021},                                                                  
  url={https://spotbugs.readthedocs.io/en/latest/detectors.html},                                   
}

@misc{checkstyle,                                                               
  key={Checkstyle},                                                                 
  title={Checkstyle Checks},                                                               
  year={2021},                                                                  
  url={https://checkstyle.sourceforge.io/checks.html},                                   
}  

@InProceedings{ext-inductive-types,
  author="Boite, Olivier",
  editor="Slind, Konrad
  and Bunker, Annette
  and Gopalakrishnan, Ganesh",
  title="Proof Reuse with Extended Inductive Types",
  booktitle="Theorem Proving in Higher Order Logics",
  year="2004",
  publisher="Springer Berlin Heidelberg",
  address="Berlin, Heidelberg",
  pages="50--65",
  isbn="978-3-540-30142-4"
}

@InProceedings{nat-numbers,
  author="Magaud, Nicolas
  and Bertot, Yves",
  editor="Callaghan, Paul
  and Luo, Zhaohui
  and McKinna, James
  and Pollack, Robert
  and Pollack, Robert",
  title="Changing Data Structures in Type Theory: A Study of Natural Numbers",
  booktitle="Types for Proofs and Programs",
  year="2002",
  publisher="Springer Berlin Heidelberg",
  address="Berlin, Heidelberg",
  pages="181--196",
  isbn="978-3-540-45842-5"
}

@inproceedings{adapt-proofs,
  author = {Ringer, Talia and Yazdani, Nathaniel and Leo, John and Grossman, Dan},
  title = {Adapting Proof Automation to Adapt Proofs},
  year = {2018},
  isbn = {9781450355865},
  publisher = {Association for Computing Machinery},
  address = {New York, NY, USA},
  doi = {10.1145/3167094},
  booktitle = {Proceedings of the 7th ACM SIGPLAN International Conference on Certified Programs and Proofs},
  pages = {115–129},
  numpages = {15},
  keywords = {proof evolution, proof automation, proof repair},
  location = {Los Angeles, CA, USA},
  series = {CPP 2018}
}

@inbook{proof-repair,
  author = {Ringer, Talia and Porter, RanDair and Yazdani, Nathaniel and Leo, John and Grossman, Dan},
  title = {Proof Repair across Type Equivalences},
  year = {2021},
  isbn = {9781450383912},
  publisher = {Association for Computing Machinery},
  address = {New York, NY, USA},
  url = {https://doi.org/10.1145/3453483.3454033},
  booktitle = {Proceedings of the 42nd ACM SIGPLAN International Conference on Programming Language Design and Implementation},
  pages = {112–127},
  numpages = {16}
}

@article{qed-at-large,
  year = {2019},
  volume = {5},
  journal = {Foundations and Trends® in Programming Languages},
  title = {QED at Large: A Survey of Engineering of Formally Verified Software},
  doi = {10.1561/2500000045},
  issn = {2325-1107},
  number = {2-3},
  pages = {102-281},
  author = {Talia Ringer and Karl Palmskog and Ilya Sergey and Milos Gligoric and Zachary Tatlock}
}

@TECHREPORT{diff,
    author = {J. W. Hunt and M. D. Mcilroy},
    title = {An algorithm for differential file comparison. Computer Science},
    institution = {},
    year = {1975}
}

@inproceedings{type-directed-diff,
  author = {Miraldo, Victor Cacciari and Dagand, Pierre-\'{E}variste and Swierstra, Wouter},
  title = {Type-Directed Diffing of Structured Data},
  year = {2017},
  isbn = {9781450351836},
  publisher = {Association for Computing Machinery},
  address = {New York, NY, USA},
  doi = {10.1145/3122975.3122976},
  booktitle = {Proceedings of the 2nd ACM SIGPLAN International Workshop on Type-Driven Development},
  pages = {2–15},
  numpages = {14},
  keywords = {De- pendently typed programming, Datatype Generic Programming, Agda, Version Control},
  location = {Oxford, UK},
  series = {TyDe 2017}
}

@article{algo-diff,
  author = {Miraldo, Victor Cacciari and Swierstra, Wouter},
  title = {An Efficient Algorithm for Type-Safe Structural Diffing},
  year = {2019},
  issue_date = {August 2019},
  publisher = {Association for Computing Machinery},
  address = {New York, NY, USA},
  volume = {3},
  number = {ICFP},
  doi = {10.1145/3341717},
  journal = {Proc. ACM Program. Lang.},
  month = {jul},
  articleno = {113},
  numpages = {29},
  keywords = {diff, Version Control, Haskell, Generic Programming}
}